<?xml version="1.0" encoding="UTF-8"?><collection xmlns="http://www.loc.gov/MARC21/slim"><record><leader>00427nam--2200145-i-4500</leader><controlfield tag="001">000013083</controlfield><controlfield tag="002">20161230</controlfield><controlfield tag="005">20161230201030</controlfield><controlfield tag="008">060222s1000------------r-----000-0-eng-d</controlfield><datafield ind1=" " ind2=" " tag="080"><subfield code="a">621.375.826</subfield></datafield><datafield ind1=" " ind2=" " tag="245"><subfield code="a">The accuracy of flow measurements by laser dop pler methods.proceedings....</subfield></datafield><datafield ind1=" " ind2=" " tag="260"><subfield code="a">Copenhagen, Technical University Of Denmark, 1975. 736p</subfield></datafield><datafield ind1=" " ind2=" " tag="490"><subfield code="a">Proceedings..</subfield></datafield><datafield ind1=" " ind2=" " tag="700"><subfield code="a">Buchhave, P./S.A.</subfield></datafield><datafield ind1=" " ind2=" " tag="852"><subfield code="a">47067</subfield></datafield></record></collection>